@book{Zakharov,
    author    = "VE. Zakharov, G. Falkovich and VS. LVov",
    title     = "Kolmogorov Spectra of Turbulence I",
    year      = "1992",
    publisher = "Springer-Verlag",
    address   = ""
}

@article{Onorato2020,
  title = {A straightforward derivation of the four-wave kinetic equation in action-angle variables},
  volume = {4},
  ISSN = {2399-6528},
  url = {http://dx.doi.org/10.1088/2399-6528/abb4b7},
  DOI = {10.1088/2399-6528/abb4b7},
  number = {9},
  journal = {Journal of Physics Communications},
  publisher = {IOP Publishing},
  author = {Onorato,  M and Dematteis,  G},
  year = {2020},
  month = sep,
  pages = {095016}
}

@book{Nazarenko2011,
  title = {Wave Turbulence},
  ISBN = {9783642159428},
  ISSN = {1616-6361},
  url = {http://dx.doi.org/10.1007/978-3-642-15942-8},
  DOI = {10.1007/978-3-642-15942-8},
  journal = {Lecture Notes in Physics},
  publisher = {Springer Berlin Heidelberg},
  author = {Nazarenko,  Sergey},
  year = {2011}
}